<?xml version="1.0" encoding="UTF-8"?><collection><record><leader>07005ntm a2200517 a 4500</leader><controlfield tag="001">006795927</controlfield><controlfield tag="003">MiAaHDL</controlfield><controlfield tag="005">20190719000000.0</controlfield><controlfield tag="006">m        d        </controlfield><controlfield tag="007">cr bn ---auaua</controlfield><controlfield tag="008">090507s14uu    xx            00| ||ara d</controlfield><datafield tag="035" ind1=" " ind2=" "><subfield code="a">(MiU)006795927</subfield></datafield><datafield tag="035" ind1=" " ind2=" "><subfield code="a">sdr-miu006795927</subfield></datafield><datafield tag="040" ind1=" " ind2=" "><subfield code="a">MiU</subfield><subfield code="c">MiU</subfield><subfield code="e">amremm</subfield></datafield><datafield tag="043" ind1=" " ind2=" "><subfield code="a">n-us-mi</subfield></datafield><datafield tag="100" ind1="1" ind2=" "><subfield code="6">880-01</subfield><subfield code="a">Qazwīnī, Jalāl al-Dīn Muḥammad ibn ʻAbd al-Raḥmān,</subfield><subfield code="d">1267 or 1268-1338.</subfield></datafield><datafield tag="245" ind1="1" ind2="0"><subfield code="6">880-03</subfield><subfield code="a">Talkhīṣ al-Miftāḥ,</subfield><subfield code="f">[15th century?].</subfield></datafield><datafield tag="260" ind1=" " ind2=" "><subfield code="c">[14--?].</subfield></datafield><datafield tag="300" ind1=" " ind2=" "><subfield code="a">82 leaves :</subfield><subfield code="b">paper ;</subfield><subfield code="c">202 x 125 (125 x 53) mm.</subfield></datafield><datafield tag="500" ind1=" " ind2=" "><subfield code="a">Shelfmark: Ann Arbor, University of Michigan, Special Collections Library, Isl. Ms. 227</subfield></datafield><datafield tag="500" ind1=" " ind2=" "><subfield code="a">Origin: Lacks dated colophon ; decoration, hand, paper, binding, etc. suggest 15th century .</subfield></datafield><datafield tag="500" ind1=" " ind2=" "><subfield code="a">Former shelfmark: "398 T. De M. [i.e. Tammaro De Marinis]" inscribed in pencil on verso of front flyleaf (p.4) ; "50" inscribed in pencil on 'title page' (p.7).</subfield></datafield><datafield tag="500" ind1=" " ind2=" "><subfield code="a">Binding: Pasteboards covered in dark brown leather ; Type II binding (with flap) ; doublures in burnt red leather with central mandorla in fine leather filigree appliqué over gold leaf (with lapis cloth or paper at center) as well as tooled border ; upper and lower covers carry blind-stamped mandorla (filled with asymmetrical floral composition), pendants and cornerpieces as well as a tooled chain and fillets border ; design continues on flap ; sewn in red thread, two stations ; worked chevron endbands in red and lime green, headband in excellent condition (protected by leather spine cap), tailband in fairly good condition with some damage ; overall in fair condition with some abrasion, staining, lifting of leather, pest damage, etc.</subfield></datafield><datafield tag="500" ind1=" " ind2=" "><subfield code="a">Support: non-European laid paper with 8-9 laid lines per cm. (horizontal or vertical) and occasional single chain lines visible, fairly indistinct, cloudy formation, sturdy and fairly thick, heavily sized and burnished (burnisher's marks visible), cream in color ; leaf carrying 'title page' and incipit page trimmed to leave written area and lower margin and mounted in a leaf cut out to accommodate view of illuminated titlepiece on 'title page' (p.7).</subfield></datafield><datafield tag="500" ind1=" " ind2=" "><subfield code="a">Decoration: Exquisite illuminated almond-shaped titlepiece on 'title page' (p.7) carries title and author of work in gold on a central field of lapis lazuli with white vegetal accents, surrounded by elaborate border consisting of an inner most band of green (with black crosses) outlined in gold fillets, a heavy band of interlace in gold, and an outermost band with arabesque in red, green, black, gold and white on a field of lapis lazuli ; superb illuminated headpiece (ʻunwān / sarlawḥ) at opening on p.8 echoing design of titlepiece consists of rectangular panel surmounted by a band of arabesque with vertical stalks (tīgh) above ; rectangular panel carries basmalah in white floriated 'Kufic' on a field of lapis lazuli with gold vegetal accents surrounded by same border of innermost green and gold band with heavy band of interlace in gold as appears in titlepiece ; arabesque is also nearly identical to that appearing in titlepiece ; text of written area surrounded by frame consisting of a heavy gold band flanked by narrow inner gold band and outer blue fillet ; keywords, section headings, and abbreviation symbols chrysographed ; textual dividers in the form of gold discs or inverted commas.</subfield></datafield><datafield tag="500" ind1=" " ind2=" "><subfield code="a">Script: Naskh ; elegant Persianate hand ; partially serifed with left-sloping barbed headserifs appearing mainly on final lām (and occasional lām of ilá, etc.), curvilinear descenders, pointing in distinct dots (liberally spaced), point of final nūn set down in wide bowl, almost fully vocalized.</subfield></datafield><datafield tag="500" ind1=" " ind2=" "><subfield code="a">Layout: Written in 15 lines per page ; frame-ruled (impression of ruling-board visible).</subfield></datafield><datafield tag="500" ind1=" " ind2=" "><subfield code="a">Collation: iii, III+1 (7), 8 IV(71), III (77), II+1 (82), III ; chiefly quaternions ; catchwords present but mainly lost to trimming or barely visible ; pagination in pencil, Western numerals, supplied during digitization (includes flyleaves).</subfield></datafield><datafield tag="500" ind1=" " ind2=" "><subfield code="a">Explicit: "وهذا دعاء للبرية شامل وجميع فواتح السور و خواتمها و اردة على احسن الوجوه و اكملها يظهر ذلك بالتامل مع التذكر لما تقدم و الله الموفق للصواب واليه المرجع والمآب"</subfield></datafield><datafield tag="500" ind1=" " ind2=" "><subfield code="a">Incipit: "الحمد لله على ما انعم و علم من البيان ما لم نعلم و الصلاة على سيدنا محمد خير من نطق بالصواب ... اما بعد فلما كان علم البلاغة و توابعها من اجل العلوم قدرا و ادقها سرا ... و كان القسم الثالث من مفتاح العلوم الذي صنفه الفاضل العلامة ابو يوسف السكاكي رحمه الله اعظم ما صنف فيه من الكتب المشهورة نفعا ... الفت مختصرا يتضمن ما فيه من القواعد و يشتمل على ما يحتاج اليه من الامثلة و الشواهد ... و سميته تلخيص المفتاح و انا اسأل الله من فضله ان ينفع به كما نفع باصله انه ولي ذلك و هو حسبي و نعم الوكيل"</subfield></datafield><datafield tag="500" ind1=" " ind2=" "><subfield code="a">Title from illuminated titlepiece (p.7) and opening (pp.9-10).</subfield></datafield><datafield tag="500" ind1=" " ind2=" "><subfield code="a">Ms. codex.</subfield></datafield><datafield tag="510" ind1="4" ind2=" "><subfield code="a">Brockelmann, C. GAL,</subfield><subfield code="c">I 295</subfield></datafield><datafield tag="520" ind1="8" ind2=" "><subfield code="a">Elegant copy of the abdrigment by al-Qazwīnī, Khaṭīb Dimashq, (d.1338) of the third part of Miftāḥ al-ʻulūm by Yūsuf ibn Abī Bakr al-Sakkākī (d. 626/1229) on rhetoric, ʻIlm al-maʻānī wa-al-bayān.</subfield></datafield><datafield tag="538" ind1=" " ind2=" "><subfield code="a">Mode of access: Internet.</subfield></datafield><datafield tag="541" ind1=" " ind2=" "><subfield code="c">Purchase ;</subfield><subfield code="a">Acquired by purchase (funds donated by Horace Rackham).</subfield><subfield code="d">1924.</subfield></datafield><datafield tag="546" ind1=" " ind2=" "><subfield code="a">Arabic.</subfield></datafield><datafield tag="561" ind1=" " ind2=" "><subfield code="a">Inscriptions in pencil on front flyleaf (p.4) "398 T. De M. [i.e. Tammaro De Marinis]" and 'title page' (p.7) "50" ; on 'title page' (p.7) ownership statement dated 15 Aylūl 1312 [?] [ca. 25 September 1896 ?] "صاحب كتاب مطى بك كفيلى صرف [؟] كوچك مصطفى منارسى [؟] جبايلى مؤذن محمد افندى في ١٥ ايلول سنه ٣١٢" ; traces of an almond-shaped seal impression at close on p.164 ; relatively clean copy.</subfield></datafield><datafield tag="600" ind1="1" ind2="0"><subfield code="a">Sakkākī, Yūsuf ibn Abī Bakr,</subfield><subfield code="d">b. 1160.</subfield><subfield code="t">Miftāḥ al-ʻulūm.</subfield><subfield code="n">Qism 3.</subfield></datafield><datafield tag="650" ind1=" " ind2="0"><subfield code="a">Manuscripts, Arabic</subfield><subfield code="z">Michigan</subfield><subfield code="z">Ann Arbor.</subfield></datafield><datafield tag="650" ind1=" " ind2="0"><subfield code="a">Arabic language</subfield><subfield code="x">Rhetoric</subfield><subfield code="v">Early works to 1800.</subfield></datafield><datafield tag="655" ind1=" " ind2="7"><subfield code="a">Headpieces (layout features)</subfield><subfield code="y">15th century.</subfield><subfield code="2">aat</subfield></datafield><datafield tag="700" ind1="0" ind2=" "><subfield code="a">Abdülhamid</subfield><subfield code="b">II,</subfield><subfield code="c">Sultan of the Turks,</subfield><subfield code="d">1842-1918,</subfield><subfield code="e">former owner.</subfield></datafield><datafield tag="773" ind1="0" ind2=" "><subfield code="a">Abdul Hamid Collection.</subfield></datafield><datafield tag="880" ind1="1" ind2="0"><subfield code="6">245-03/</subfield><subfield code="a">تلخيص المفتاح,</subfield><subfield code="f">[القرن 15م؟].</subfield></datafield><datafield tag="880" ind1="1" ind2=" "><subfield code="6">100-01/</subfield><subfield code="a">قزويني، جلال الدين محمد بن عبد الرحمن.</subfield></datafield><datafield tag="CID" ind1=" " ind2=" "><subfield code="a">006795927</subfield></datafield><datafield tag="DAT" ind1="0" ind2=" "><subfield code="a">20190719102636.0</subfield><subfield code="b">20190719000000.0</subfield></datafield><datafield tag="DAT" ind1="1" ind2=" "><subfield code="a">20190719090653.0</subfield><subfield code="b">2019-07-19T16:11:17Z</subfield></datafield><datafield tag="DAT" ind1="2" ind2=" "><subfield code="a">2015-10-02T18:00:03Z</subfield></datafield><datafield tag="CAT" ind1=" " ind2=" "><subfield code="a">SDR-MIU</subfield><subfield code="d">EX LIBRIS - ALEPH</subfield><subfield code="l">prepare.pl-004-008</subfield></datafield><datafield tag="FMT" ind1=" " ind2=" "><subfield code="a">BK</subfield></datafield><datafield tag="HOL" ind1=" " ind2=" "><subfield code="0">sdr-miu006795927</subfield><subfield code="a">MiU</subfield><subfield code="b">SDR</subfield><subfield code="c">MIU</subfield><subfield code="p">mdp.39015079126143</subfield><subfield code="s">MIU</subfield><subfield code="1">006795927</subfield></datafield><datafield tag="974" ind1=" " ind2=" "><subfield code="b">MIU</subfield><subfield code="c">MIU</subfield><subfield code="d">20190719</subfield><subfield code="s">lit-dlps-dc</subfield><subfield code="u">mdp.39015079126143</subfield><subfield code="y">1499</subfield><subfield code="r">pd</subfield><subfield code="q">bib</subfield><subfield code="t">non-US bib date1 &lt; 1896</subfield></datafield></record></collection>